@misc{h4sh3d,
      author = {Joël Gugger},
      title = {Bitcoin-Monero Cross-chain Atomic Swap},
      howpublished = {Cryptology ePrint Archive, Paper 2020/1126},
      year = {2020},
      url = {https://eprint.iacr.org/2020/1126}
}
@misc{uas,
      author = {Sri AravindaKrishnan Thyagarajan and Giulio Malavolta and Pedro Moreno-Sánchez},
      title = {Universal Atomic Swaps: Secure Exchange of Coins Across All Blockchains},
      howpublished = {Cryptology ePrint Archive, Paper 2021/1612},
      year = {2021},
      doi = {10.1109/SP46214.2022.9833731},
      url = {https://eprint.iacr.org/2021/1612}
}
@misc{vts,
      author = {Sri Aravinda KrishnanThyagarajan and Adithya Bhat and Giulio Malavolta and Nico Döttling and Aniket Kate and Dominique Schröder},
      title = {Verifiable Timed Signatures Made Practical},
      howpublished = {Cryptology ePrint Archive, Paper 2020/1563},
      year = {2020},
      doi = {10.1145/3372297.3417263},
      note = {\url{https://eprint.iacr.org/2020/1563}},
      url = {https://eprint.iacr.org/2020/1563}
}
@ARTICLE{squaring_algo,
  author={Öztürk, Erdinç},
  journal={IEEE Transactions on Circuits and Systems I: Regular Papers}, 
  title={Design and Implementation of a Low-Latency Modular Multiplication Algorithm}, 
  year={2020},
  volume={67},
  number={6},
  pages={1902-1911},
  keywords={Delays;Field programmable gate arrays;Hardware;Public key;Computer architecture;Verifiable delay function (VDF);modular multiplication;FPGA;reduction;low-latency circuit design},
  doi={10.1109/TCSI.2020.2966755}}

@ARTICLE{squaring_asic,
  author={Mert, Ahmet Can and Öztürk, Erdinç and Savaş, Erkay},
  journal={IEEE Transactions on Computers}, 
  title={Low-Latency ASIC Algorithms of Modular Squaring of Large Integers for VDF Evaluation}, 
  year={2022},
  volume={71},
  number={1},
  pages={107-120},
  keywords={Delays;Logic gates;Hardware;Measurement;Adders;Throughput;Field programmable gate arrays;Verifiable delay functions;modular squaring;reduction;montgomery;redundant representation},
  doi={10.1109/TC.2020.3043400}}
